<?xml version="1.0" encoding="UTF-8"?><collection xmlns="http://www.loc.gov/MARC21/slim"><record><leader>00479nam--2200133-i-4500</leader><controlfield tag="001">000048603</controlfield><controlfield tag="002">20161230</controlfield><controlfield tag="005">20161230201047</controlfield><controlfield tag="008">060222s1000------------r-----000-0-eng-d</controlfield><datafield ind1=" " ind2=" " tag="080"><subfield code="a">62-52(061.3)</subfield></datafield><datafield ind1=" " ind2=" " tag="245"><subfield code="a">Avtomaticheskoe uprablenie teplovymi i ximicheskimi procesami. trudy iii mezhdunarodnogo kongressa mezhdunarodnoi federacii po avtomaticheskomu upravleniiu. london,20-25 iiunia 1966 g</subfield></datafield><datafield ind1=" " ind2=" " tag="260"><subfield code="a">Moskva, Izd.Nauka, 1972. 498 S</subfield></datafield><datafield ind1=" " ind2=" " tag="700"><subfield code="a">V.A.Trapeznikov</subfield></datafield><datafield ind1=" " ind2=" " tag="852"><subfield code="a">37045</subfield></datafield></record></collection>